%%%%%%%%%%%%%%%%%%%%%%%%%%%%%%%%%%%%%%%%%%%%%%%%%%%%%%%%%%%%%%%%%%%%%%%%%%%%%%%%
% BIBLIOGRAFÍA                                                                 %
%                                                                              %
% Objetivo: Recopilar las referencias a información utilizadas y/o algunas     %
%           otras que puedan resultar interesantes                             %
%%%%%%%%%%%%%%%%%%%%%%%%%%%%%%%%%%%%%%%%%%%%%%%%%%%%%%%%%%%%%%%%%%%%%%%%%%%%%%%%
@Book{RAE,
  title = {Diccionario de la lengua española},
  edition = {23},
  publisher = {Real Academia Española},
  year = {2014}
}

@article{van2005student,
  title={Student success in university education: A multi-measurement study of the impact of student and faculty factors on study progress},
  author={Van den Berg, MN and Hofman, WHA},
  journal={Higher education},
  volume={50},
  number={3},
  pages={413--446},
  year={2005},
  publisher={Springer}
}


@Misc{RAGA,
  language = {galician},
  author={M. González González},
  title = {Dicionario da Real Academia GalegaA Coruña: Real Academia Galega},
  url = {https://academia.gal/dicionario},
  note = {\lastAccessDate{} \today}
}

@Misc{Overleaf,
  language = {english},
  author={John Hammersley and John Lees-Miller},
  title = {Overleaf},
  url = {https://www.overleaf.com/},
  year= 2012,
  note = {\lastAccessDate{} \today}
}

@Misc{Mendeley,
  language = {english},
  author = {Paul Foeckler and Victor Henning and Jan Reichelt},
  title = {Mendeley},
  url = {https://mendeley.com/},
  year = 2008,
  note = {\lastAccessDate{} \today}
}
