@IEEEtranBSTCTL{IEEEexample:BSTcontrol,
  CTLname_url_prefix = "[En l√≠nea]. Disponible en:"
}
