@IEEEtranBSTCTL{IEEEexample:BSTcontrol,
  CTLname_url_prefix = "[En liña]. Dispoñible en:"
}
